<?xml version="1.0" encoding="UTF-8"?><searchRetrieveResponse xmlns="http://www.loc.gov/zing/srw/">
  <version>1.2</version>
  <numberOfRecords>12978</numberOfRecords>
  <records>
    <record>
      <recordSchema>marcxml</recordSchema>
      <recordPacking>xml</recordPacking>
      <recordData>
        <record xmlns="http://www.loc.gov/MARC21/slim">
          <leader>00918cam a2200265 c 4500</leader>
          <controlfield tag="001">991202990974702201</controlfield>
          <controlfield tag="005">20120823140732.0</controlfield>
          <controlfield tag="007">ta</controlfield>
          <controlfield tag="008">120823s2009    xx#||||||c   |000|u|eng|d</controlfield>
          <datafield tag="020" ind1=" " ind2=" ">
            <subfield code="a">9783875362725</subfield>
            <subfield code="q">ib.</subfield>
          </datafield>
          <datafield tag="035" ind1=" " ind2=" ">
            <subfield code="a">120299097-47bibsys_network</subfield>
          </datafield>
          <datafield tag="035" ind1=" " ind2=" ">
            <subfield code="a">(NO-TrBIB)120299097</subfield>
          </datafield>
          <datafield tag="040" ind1=" " ind2=" ">
            <subfield code="a">NO-TrBIB</subfield>
            <subfield code="b">nob</subfield>
            <subfield code="e">katreg</subfield>
          </datafield>
          <datafield tag="082" ind1="0" ind2="4">
            <subfield code="a">759.3</subfield>
            <subfield code="q">NoOU</subfield>
            <subfield code="2">23</subfield>
          </datafield>
          <datafield tag="245" ind1="0" ind2="0">
            <subfield code="a">100 Jahre - 100 Bilder :</subfield>
            <subfield code="b">Deutsche Malerei im 20. Jahrhundert</subfield>
            <subfield code="c">herausgeber Bernd Küster</subfield>
          </datafield>
          <datafield tag="260" ind1=" " ind2=" ">
            <subfield code="a">Gifkendorf</subfield>
            <subfield code="b">Merlin</subfield>
            <subfield code="c">2009</subfield>
          </datafield>
          <datafield tag="300" ind1=" " ind2=" ">
            <subfield code="a">190 s.</subfield>
            <subfield code="b">ill.</subfield>
          </datafield>
          <datafield tag="500" ind1=" " ind2=" ">
            <subfield code="a">Utgitt i forbindelse med utstilling vist i Landesmuseum für Kunst und Kulturgeschichte Oldenburg, 5. Juli- 4.okt. 2009</subfield>
          </datafield>
          <datafield tag="650" ind1=" " ind2="7">
            <subfield code="a">Malerkunst</subfield>
            <subfield code="2">humord</subfield>
          </datafield>
          <datafield tag="650" ind1=" " ind2="7">
            <subfield code="a">Tyskland</subfield>
            <subfield code="2">humord</subfield>
          </datafield>
          <datafield tag="650" ind1=" " ind2="7">
            <subfield code="a">1900-tallet</subfield>
            <subfield code="2">humord</subfield>
          </datafield>
          <datafield tag="655" ind1=" " ind2="7">
            <subfield code="a">Utstillinger</subfield>
            <subfield code="2">humord</subfield>
          </datafield>
          <datafield tag="700" ind1="1" ind2=" ">
            <subfield code="a">Küster, Bernd</subfield>
            <subfield code="0">(NO-TrBIB)11017954</subfield>
          </datafield>
          <datafield tag="710" ind1="2" ind2=" ">
            <subfield code="a">Landesmuseum für Kunst- und Kulturgeschichte Oldenburg</subfield>
            <subfield code="0">(NO-TrBIB)12134</subfield>
          </datafield>
          <datafield tag="852" ind1="0" ind2="1">
            <subfield code="a">47BIBSYS_UBO</subfield>
            <subfield code="6">991202990974702204</subfield>
            <subfield code="9">P</subfield>
          </datafield>
          <datafield tag="901" ind1=" " ind2=" ">
            <subfield code="a">80</subfield>
          </datafield>
        </record>
      </recordData>
      <recordPosition>1</recordPosition>
    </record>