
    <record>
      <recordSchema>marcxml</recordSchema>
      <recordPacking>xml</recordPacking>
      <recordData>
        <record xmlns="http://www.loc.gov/MARC21/slim">
          <leader>00917cam a2200277 c 4500</leader>
          <controlfield tag="001">990411889854702201</controlfield>
          <controlfield tag="005">20050131114312.0</controlfield>
          <controlfield tag="007">ta</controlfield>
          <controlfield tag="008">050131s2003    xx#|||||||||||000|u|und|d</controlfield>
          <datafield tag="035" ind1=" " ind2=" ">
            <subfield code="a">041188985-47bibsys_network</subfield>
          </datafield>
          <datafield tag="035" ind1=" " ind2=" ">
            <subfield code="a">(NO-TrBIB)041188985</subfield>
          </datafield>
          <datafield tag="040" ind1=" " ind2=" ">
            <subfield code="a">NO-TrBIB</subfield>
            <subfield code="b">nob</subfield>
            <subfield code="e">katreg</subfield>
          </datafield>
          <datafield tag="100" ind1="1" ind2=" ">
            <subfield code="a">Abele-Brehm, Andrea</subfield>
            <subfield code="0">(NO-TrBIB)5009374</subfield>
          </datafield>
          <datafield tag="245" ind1="1" ind2="0">
            <subfield code="a">100 Jahre akademische Frauenbildung in Bayern und Erlangen :</subfield>
            <subfield code="b">Rückblick und Perspektiven</subfield>
            <subfield code="c">Andrea Abele-Brehm</subfield>
          </datafield>
          <datafield tag="260" ind1=" " ind2=" ">
            <subfield code="a">Erlangen</subfield>
            <subfield code="b">Friedrich-Alexander-Universität</subfield>
            <subfield code="c">2003</subfield>
          </datafield>
          <datafield tag="300" ind1=" " ind2=" ">
            <subfield code="a">31 s.</subfield>
            <subfield code="b">ill.</subfield>
          </datafield>
          <datafield tag="490" ind1="1" ind2=" ">
            <subfield code="a">Erlanger Universitätsreden. 3. Folge</subfield>
            <subfield code="v">Nr. 64/2004</subfield>
          </datafield>
          <datafield tag="650" ind1=" " ind2="7">
            <subfield code="a">Bayern</subfield>
            <subfield code="2">humord</subfield>
          </datafield>
          <datafield tag="650" ind1=" " ind2="7">
            <subfield code="a">Tyskland</subfield>
            <subfield code="2">humord</subfield>
          </datafield>
          <datafield tag="650" ind1=" " ind2="7">
            <subfield code="a">utdannig</subfield>
            <subfield code="2">humord</subfield>
          </datafield>
          <datafield tag="650" ind1=" " ind2="7">
            <subfield code="a">Universiteter</subfield>
            <subfield code="2">humord</subfield>
          </datafield>
          <datafield tag="650" ind1=" " ind2="7">
            <subfield code="a">Historisk framstilling</subfield>
            <subfield code="2">humord</subfield>
          </datafield>
          <datafield tag="650" ind1=" " ind2="7">
            <subfield code="a">1900-tallet</subfield>
            <subfield code="2">humord</subfield>
          </datafield>
          <datafield tag="650" ind1=" " ind2="7">
            <subfield code="a">Kvinner</subfield>
            <subfield code="2">humord</subfield>
          </datafield>
          <datafield tag="830" ind1=" " ind2="0">
            <subfield code="a">Erlanger Universitätsreden. 3. Folge</subfield>
            <subfield code="v">Nr. 64/2004</subfield>
          </datafield>
          <datafield tag="852" ind1="0" ind2="1">
            <subfield code="a">47BIBSYS_UBO</subfield>
            <subfield code="6">990411889854702204</subfield>
            <subfield code="9">P</subfield>
          </datafield>
          <datafield tag="901" ind1=" " ind2=" ">
            <subfield code="a">80</subfield>
          </datafield>
        </record>
      </recordData>
      <recordPosition>2</recordPosition>
    </record>