
    <record>
      <recordSchema>marcxml</recordSchema>
      <recordPacking>xml</recordPacking>
      <recordData>
        <record xmlns="http://www.loc.gov/MARC21/slim">
          <leader>01023cam a2200289 c 4500</leader>
          <controlfield tag="001">990218447714702201</controlfield>
          <controlfield tag="005">20041001132727.0</controlfield>
          <controlfield tag="007">ta</controlfield>
          <controlfield tag="008">041001s2001    xx#|||||||||||000|u|ger|d</controlfield>
          <datafield tag="020" ind1=" " ind2=" ">
            <subfield code="a">3922708099</subfield>
            <subfield code="q">h.</subfield>
          </datafield>
          <datafield tag="035" ind1=" " ind2=" ">
            <subfield code="a">021844771-47bibsys_network</subfield>
          </datafield>
          <datafield tag="035" ind1=" " ind2=" ">
            <subfield code="a">(NO-TrBIB)021844771</subfield>
          </datafield>
          <datafield tag="040" ind1=" " ind2=" ">
            <subfield code="a">NO-TrBIB</subfield>
            <subfield code="b">nob</subfield>
            <subfield code="e">katreg</subfield>
          </datafield>
          <datafield tag="245" ind1="0" ind2="0">
            <subfield code="a">1000 Jahre Musik &amp; Zensur in den diversen Deutschlands</subfield>
            <subfield code="c">Werner Pieper (Hrsg.)</subfield>
          </datafield>
          <datafield tag="246" ind1="1" ind2="4">
            <subfield code="a">Musik &amp; Zensur in den diversen Deutschlands der letzten 500 Jahre</subfield>
          </datafield>
          <datafield tag="260" ind1=" " ind2=" ">
            <subfield code="a">Löhrbach</subfield>
            <subfield code="b">Der Grüne Kraft</subfield>
            <subfield code="c">c2001</subfield>
          </datafield>
          <datafield tag="300" ind1=" " ind2=" ">
            <subfield code="a">254 s.</subfield>
            <subfield code="b">ill.</subfield>
          </datafield>
          <datafield tag="490" ind1="1" ind2=" ">
            <subfield code="a">Der grüne Zweig</subfield>
            <subfield code="v">209</subfield>
          </datafield>
          <datafield tag="650" ind1=" " ind2="7">
            <subfield code="a">Musikk</subfield>
            <subfield code="2">humord</subfield>
          </datafield>
          <datafield tag="650" ind1=" " ind2="7">
            <subfield code="a">Sensur</subfield>
            <subfield code="2">humord</subfield>
          </datafield>
          <datafield tag="650" ind1=" " ind2="7">
            <subfield code="a">Tyskland</subfield>
            <subfield code="2">humord</subfield>
          </datafield>
          <datafield tag="653" ind1=" " ind2=" ">
            <subfield code="a">musikk</subfield>
            <subfield code="a">sensur</subfield>
            <subfield code="a">Tyskland</subfield>
            <subfield code="a">musikksensur</subfield>
            <subfield code="a">sosiale</subfield>
            <subfield code="a">aspekter</subfield>
            <subfield code="a">historisk</subfield>
            <subfield code="a">framstilling</subfield>
          </datafield>
          <datafield tag="700" ind1="1" ind2=" ">
            <subfield code="a">Pieper, Werner</subfield>
            <subfield code="0">(NO-TrBIB)90204871</subfield>
          </datafield>
          <datafield tag="740" ind1="0" ind2=" ">
            <subfield code="a">Tausend Jahre Musik &amp; Zensur in den diversen Deutschlands</subfield>
          </datafield>
          <datafield tag="740" ind1="0" ind2=" ">
            <subfield code="a">Musik &amp; Zensur in den diversen Deutschlands der letzten 500 Jahre</subfield>
          </datafield>
          <datafield tag="830" ind1=" " ind2="0">
            <subfield code="a">Der grüne Zweig</subfield>
            <subfield code="v">209</subfield>
          </datafield>
          <datafield tag="852" ind1="0" ind2="1">
            <subfield code="a">47BIBSYS_UBO</subfield>
            <subfield code="6">990218447714702204</subfield>
            <subfield code="9">P</subfield>
          </datafield>
          <datafield tag="852" ind1="0" ind2="1">
            <subfield code="a">47BIBSYS_NTNU_UB</subfield>
            <subfield code="6">990218447714702203</subfield>
            <subfield code="9">P</subfield>
          </datafield>
          <datafield tag="901" ind1=" " ind2=" ">
            <subfield code="a">80</subfield>
          </datafield>
        </record>
      </recordData>
      <recordPosition>4</recordPosition>
    </record>