
    <record>
      <recordSchema>marcxml</recordSchema>
      <recordPacking>xml</recordPacking>
      <recordData>
        <record xmlns="http://www.loc.gov/MARC21/slim">
          <leader>01456cgm a2200349 c 4500</leader>
          <controlfield tag="001">990205525054702201</controlfield>
          <controlfield tag="005">20160407164323.0</controlfield>
          <controlfield tag="007">vd |v||||</controlfield>
          <controlfield tag="008">150319s2001    xx ||||||||||||   v|mul|d</controlfield>
          <datafield tag="035" ind1=" " ind2=" ">
            <subfield code="a">(NO-TrBIB)020552505</subfield>
          </datafield>
          <datafield tag="035" ind1=" " ind2=" ">
            <subfield code="a">(NO-TrBIB)020552505</subfield>
          </datafield>
          <datafield tag="040" ind1=" " ind2=" ">
            <subfield code="a">NO-TrBIB</subfield>
            <subfield code="b">nob</subfield>
            <subfield code="e">katreg</subfield>
          </datafield>
          <datafield tag="041" ind1=" " ind2=" ">
            <subfield code="a">ice</subfield>
            <subfield code="a">nob</subfield>
          </datafield>
          <datafield tag="245" ind1="0" ind2="0">
            <subfield code="a">101 Reykjavik</subfield>
            <subfield code="c">en film av Baltasar Kormakur</subfield>
            <subfield code="h">[videoopptak]</subfield>
          </datafield>
          <datafield tag="260" ind1=" " ind2=" ">
            <subfield code="a">[Oslo]</subfield>
            <subfield code="b">SF Norge</subfield>
            <subfield code="c">[ca 2001]</subfield>
          </datafield>
          <datafield tag="300" ind1=" " ind2=" ">
            <subfield code="a">1 videoplate (DVD-video) (92 min)</subfield>
            <subfield code="b">lyd, kol.</subfield>
          </datafield>
          <datafield tag="500" ind1=" " ind2=" ">
            <subfield code="a">Rolleliste: Victoria Abril, Hilmir Snær Guðnason.</subfield>
          </datafield>
          <datafield tag="500" ind1=" " ind2=" ">
            <subfield code="a">Produksjon: Island : Filmhuset/Zentropa Productions, 2000.</subfield>
          </datafield>
          <datafield tag="500" ind1=" " ind2=" ">
            <subfield code="a">Filmen bygger på en roman av Hallgrímur Helgason.</subfield>
          </datafield>
          <datafield tag="500" ind1=" " ind2=" ">
            <subfield code="a">Komedie.</subfield>
          </datafield>
          <datafield tag="500" ind1=" " ind2=" ">
            <subfield code="a">Islandsk tale, norsk tekst. Kodet for region 2</subfield>
          </datafield>
          <datafield tag="500" ind1=" " ind2=" ">
            <subfield code="a">Ekstramateriale: biografier, trailer, trailershow.</subfield>
          </datafield>
          <datafield tag="500" ind1=" " ind2=" ">
            <subfield code="a">Statens filmtilsyn : 18020</subfield>
          </datafield>
          <datafield tag="653" ind1=" " ind2=" ">
            <subfield code="a">islandske</subfield>
            <subfield code="a">spelefilmar</subfield>
            <subfield code="a">spillefilmer</subfield>
            <subfield code="a">komedie</subfield>
            <subfield code="a">romantikk</subfield>
            <subfield code="a">romance</subfield>
            <subfield code="a">island</subfield>
            <subfield code="a">iceland</subfield>
            <subfield code="a">danmark</subfield>
            <subfield code="a">denmark</subfield>
            <subfield code="a">frankrike</subfield>
            <subfield code="a">france</subfield>
            <subfield code="a">norge</subfield>
            <subfield code="a">norway</subfield>
            <subfield code="a">tyskland</subfield>
            <subfield code="a">germany</subfield>
            <subfield code="a">comedy</subfield>
          </datafield>
          <datafield tag="655" ind1=" " ind2="7">
            <subfield code="a">DVD</subfield>
            <subfield code="2">humord</subfield>
          </datafield>
          <datafield tag="655" ind1=" " ind2="7">
            <subfield code="a">Spillefilmer</subfield>
            <subfield code="2">khib</subfield>
          </datafield>
          <datafield tag="700" ind1="0" ind2=" ">
            <subfield code="a">Baltasar Kormákur</subfield>
            <subfield code="0">(NO-TrBIB)4071680</subfield>
          </datafield>
          <datafield tag="700" ind1="1" ind2=" ">
            <subfield code="a">Abril, Victoria</subfield>
            <subfield code="4">act</subfield>
            <subfield code="0">(NO-TrBIB)99002287</subfield>
          </datafield>
          <datafield tag="700" ind1="0" ind2=" ">
            <subfield code="a">Hilmir Snær Guðnason</subfield>
            <subfield code="4">act</subfield>
            <subfield code="0">(NO-TrBIB)2038899</subfield>
          </datafield>
          <datafield tag="700" ind1="0" ind2="2">
            <subfield code="a">Hallgrímur Helgason,</subfield>
            <subfield code="d">1959-</subfield>
            <subfield code="0">(NO-TrBIB)4060585</subfield>
          </datafield>
          <datafield tag="700" ind1="0" ind2=" ">
            <subfield code="a">Baltasar Kormákur</subfield>
            <subfield code="4">drt</subfield>
            <subfield code="0">(NO-TrBIB)4071680</subfield>
          </datafield>
          <datafield tag="852" ind1="0" ind2="1">
            <subfield code="a">47BIBSYS_KHIB</subfield>
            <subfield code="6">990205525054702310</subfield>
            <subfield code="9">P</subfield>
          </datafield>
          <datafield tag="852" ind1="0" ind2="1">
            <subfield code="a">47BIBSYS_UBB</subfield>
            <subfield code="6">990205525054702207</subfield>
            <subfield code="9">P</subfield>
          </datafield>
          <datafield tag="852" ind1="0" ind2="1">
            <subfield code="a">47BIBSYS_HIT</subfield>
            <subfield code="6">999919768582902210</subfield>
            <subfield code="9">P</subfield>
          </datafield>
          <datafield tag="852" ind1="0" ind2="1">
            <subfield code="a">47BIBSYS_UBIN</subfield>
            <subfield code="6">999919780882602211</subfield>
            <subfield code="9">P</subfield>
          </datafield>
          <datafield tag="852" ind1="0" ind2="1">
            <subfield code="a">47BIBSYS_HSH</subfield>
            <subfield code="6">990205525054702231</subfield>
            <subfield code="9">P</subfield>
          </datafield>
          <datafield tag="852" ind1="0" ind2="1">
            <subfield code="a">47BIBSYS_HIL</subfield>
            <subfield code="6">990205525054702225</subfield>
            <subfield code="9">P</subfield>
          </datafield>
          <datafield tag="852" ind1="0" ind2="1">
            <subfield code="a">47BIBSYS_HVO</subfield>
            <subfield code="6">990205525054702220</subfield>
            <subfield code="9">P</subfield>
          </datafield>
          <datafield tag="852" ind1="0" ind2="1">
            <subfield code="a">47BIBSYS_HIB</subfield>
            <subfield code="6">990205525054702221</subfield>
            <subfield code="9">P</subfield>
          </datafield>
          <datafield tag="852" ind1="0" ind2="1">
            <subfield code="a">47BIBSYS_NTNU_UB</subfield>
            <subfield code="6">999919906565702203</subfield>
            <subfield code="9">P</subfield>
          </datafield>
          <datafield tag="901" ind1=" " ind2=" ">
            <subfield code="a">80</subfield>
          </datafield>
        </record>
      </recordData>
      <recordPosition>5</recordPosition>
    </record>