
    <record>
      <recordSchema>marcxml</recordSchema>
      <recordPacking>xml</recordPacking>
      <recordData>
        <record xmlns="http://www.loc.gov/MARC21/slim">
          <leader>01992cam a2200529 c 4500</leader>
          <controlfield tag="001">991148415514702201</controlfield>
          <controlfield tag="005">20170124091919.0</controlfield>
          <controlfield tag="007">ta</controlfield>
          <controlfield tag="007">cr||||||||||||</controlfield>
          <controlfield tag="008">150311s2011    no#||||| |||||000|0bnob|</controlfield>
          <datafield tag="015" ind1=" " ind2=" ">
            <subfield code="a">1137059</subfield>
            <subfield code="2">nbf</subfield>
          </datafield>
          <datafield tag="020" ind1=" " ind2=" ">
            <subfield code="a">9788248911654</subfield>
            <subfield code="q">h.</subfield>
            <subfield code="c">Nkr 129.00</subfield>
          </datafield>
          <datafield tag="035" ind1=" " ind2=" ">
            <subfield code="a">114841551-47bibsys_network</subfield>
          </datafield>
          <datafield tag="035" ind1=" " ind2=" ">
            <subfield code="a">(NO-TrBIB)114841551</subfield>
          </datafield>
          <datafield tag="035" ind1=" " ind2=" ">
            <subfield code="a">(NO-OsBA)0277002</subfield>
          </datafield>
          <datafield tag="035" ind1=" " ind2=" ">
            <subfield code="a">(NO-TrBIB)133327728</subfield>
          </datafield>
          <datafield tag="040" ind1=" " ind2=" ">
            <subfield code="a">NO-OsNB</subfield>
            <subfield code="b">nob</subfield>
            <subfield code="e">katreg</subfield>
          </datafield>
          <datafield tag="042" ind1=" " ind2=" ">
            <subfield code="a">norbibl</subfield>
          </datafield>
          <datafield tag="044" ind1=" " ind2=" ">
            <subfield code="c">no</subfield>
          </datafield>
          <datafield tag="082" ind1="0" ind2="4">
            <subfield code="a">940.54217</subfield>
            <subfield code="q">NoOU</subfield>
            <subfield code="2">23</subfield>
          </datafield>
          <datafield tag="082" ind1="7" ind2="4">
            <subfield code="a">940.54217092</subfield>
            <subfield code="q">NO-OsNB</subfield>
            <subfield code="2">5/nor</subfield>
          </datafield>
          <datafield tag="100" ind1="1" ind2=" ">
            <subfield code="a">Brugrand, Odd Helge</subfield>
            <subfield code="d">1972-</subfield>
            <subfield code="0">(NO-TrBIB)10044848</subfield>
          </datafield>
          <datafield tag="245" ind1="1" ind2="0">
            <subfield code="a">16 år og Hitlers soldat :</subfield>
            <subfield code="b">historien om Ivar Skarlo, en norsk soldat på Østfronten</subfield>
            <subfield code="c">Odd Helge Brugrand</subfield>
          </datafield>
          <datafield tag="260" ind1=" " ind2=" ">
            <subfield code="a">Oslo</subfield>
            <subfield code="b">Kagge</subfield>
            <subfield code="c">2011</subfield>
          </datafield>
          <datafield tag="300" ind1=" " ind2=" ">
            <subfield code="a">290 s.</subfield>
            <subfield code="b">ill.</subfield>
          </datafield>
          <datafield tag="490" ind1="1" ind2=" ">
            <subfield code="a">Kagge pocket</subfield>
          </datafield>
          <datafield tag="500" ind1=" " ind2=" ">
            <subfield code="a">1. utg. 2010</subfield>
          </datafield>
          <datafield tag="600" ind1="1" ind2="7">
            <subfield code="a">Skarlo, Ivar</subfield>
            <subfield code="d">1925-2010</subfield>
            <subfield code="0">(NO-TrBIB)10044846</subfield>
            <subfield code="2">bare</subfield>
          </datafield>
          <datafield tag="650" ind1=" " ind2="7">
            <subfield code="a">Sovjetunionen</subfield>
            <subfield code="2">humord</subfield>
          </datafield>
          <datafield tag="650" ind1=" " ind2="7">
            <subfield code="a">Tyskland</subfield>
            <subfield code="2">humord</subfield>
          </datafield>
          <datafield tag="650" ind1=" " ind2="7">
            <subfield code="a">Historie</subfield>
            <subfield code="2">humord</subfield>
          </datafield>
          <datafield tag="650" ind1=" " ind2="7">
            <subfield code="a">Andre verdenskrig (1939-1945)</subfield>
            <subfield code="2">humord</subfield>
          </datafield>
          <datafield tag="650" ind1=" " ind2="7">
            <subfield code="a">Felttog</subfield>
            <subfield code="2">humord</subfield>
          </datafield>
          <datafield tag="650" ind1=" " ind2="7">
            <subfield code="a">Østfronten (Andre verdenskrig)</subfield>
            <subfield code="2">humord</subfield>
          </datafield>
          <datafield tag="650" ind1=" " ind2="7">
            <subfield code="a">Soldater</subfield>
            <subfield code="2">humord</subfield>
          </datafield>
          <datafield tag="650" ind1=" " ind2="7">
            <subfield code="a">Nordmenn</subfield>
            <subfield code="2">humord</subfield>
          </datafield>
          <datafield tag="650" ind1=" " ind2="7">
            <subfield code="a">Frontkjempere</subfield>
            <subfield code="2">humord</subfield>
          </datafield>
          <datafield tag="650" ind1=" " ind2="7">
            <subfield code="a">Frivillige soldater</subfield>
            <subfield code="2">humord</subfield>
          </datafield>
          <datafield tag="651" ind1=" " ind2="7">
            <subfield code="a">Øst-Europa</subfield>
            <subfield code="2">norbok</subfield>
          </datafield>
          <datafield tag="740" ind1="0" ind2=" ">
            <subfield code="a">Seksten år og Hitlers soldat</subfield>
          </datafield>
          <datafield tag="776" ind1="0" ind2=" ">
            <subfield code="t">16 år og Hitlers soldat : historien om Ivar Skarlo, en norsk soldat på Østfronten</subfield>
            <subfield code="w">991505564624702201</subfield>
          </datafield>
          <datafield tag="830" ind1=" " ind2="0">
            <subfield code="a">Kagge pocket</subfield>
          </datafield>
          <datafield tag="856" ind1="4" ind2="2">
            <subfield code="3">Beskrivelse fra Forlagssentralen</subfield>
            <subfield code="u">http://content.bibsys.no/content/?type=descr_forlagssentr&amp;isbn=8248911659</subfield>
          </datafield>
          <datafield tag="856" ind1="4" ind2="2">
            <subfield code="3">Beskrivelse fra forlaget (kort)</subfield>
            <subfield code="u">http://content.bibsys.no/content/?type=descr_publ_brief&amp;isbn=8248911659</subfield>
          </datafield>
          <datafield tag="856" ind1="4" ind2="2">
            <subfield code="3">Omslagsbilde</subfield>
            <subfield code="u">http://innhold.bibsys.no/bilde/forside/?size=mini&amp;id=LITE_150132646.jpg</subfield>
            <subfield code="q">image/jpeg</subfield>
          </datafield>
          <datafield tag="852" ind1="0" ind2="1">
            <subfield code="a">47BIBSYS_UBO</subfield>
            <subfield code="6">991148415514702204</subfield>
            <subfield code="9">P</subfield>
          </datafield>
          <datafield tag="852" ind1="0" ind2="1">
            <subfield code="a">47BIBSYS_NB</subfield>
            <subfield code="6">991148415514702202</subfield>
            <subfield code="9">D</subfield>
            <subfield code="9">P</subfield>
          </datafield>
          <datafield tag="901" ind1=" " ind2=" ">
            <subfield code="a">90</subfield>
          </datafield>
          <datafield tag="913" ind1=" " ind2=" ">
            <subfield code="a">Norbok</subfield>
            <subfield code="b">NB</subfield>
          </datafield>
        </record>
      </recordData>
      <recordPosition>6</recordPosition>
    </record>