
    <record>
      <recordSchema>marcxml</recordSchema>
      <recordPacking>xml</recordPacking>
      <recordData>
        <record xmlns="http://www.loc.gov/MARC21/slim">
          <leader>01042cam a22003017c 4500</leader>
          <controlfield tag="001">991325656094702201</controlfield>
          <controlfield tag="005">20170126162218.0</controlfield>
          <controlfield tag="007">ta</controlfield>
          <controlfield tag="008">130819s1883    xx#|||||||||||000|u|ger|d</controlfield>
          <datafield tag="035" ind1=" " ind2=" ">
            <subfield code="a">132565609-47bibsys_network</subfield>
          </datafield>
          <datafield tag="035" ind1=" " ind2=" ">
            <subfield code="a">(NO-TrBIB)132565609</subfield>
          </datafield>
          <datafield tag="040" ind1=" " ind2=" ">
            <subfield code="a">NO-TrBIB</subfield>
            <subfield code="b">nob</subfield>
            <subfield code="e">katreg</subfield>
          </datafield>
          <datafield tag="084" ind1=" " ind2=" ">
            <subfield code="a">I 31</subfield>
            <subfield code="2">utk</subfield>
          </datafield>
          <datafield tag="100" ind1="1" ind2=" ">
            <subfield code="a">Dove, Alfred</subfield>
            <subfield code="0">(NO-TrBIB)1021289</subfield>
          </datafield>
          <datafield tag="245" ind1="1" ind2="0">
            <subfield code="a">1740-1745</subfield>
          </datafield>
          <datafield tag="260" ind1=" " ind2=" ">
            <subfield code="a">Gotha</subfield>
            <subfield code="b">Perthes</subfield>
            <subfield code="c">1883</subfield>
          </datafield>
          <datafield tag="300" ind1=" " ind2=" ">
            <subfield code="a">X, 366 s.</subfield>
          </datafield>
          <datafield tag="650" ind1=" " ind2="7">
            <subfield code="a">Tyskland</subfield>
            <subfield code="2">humord</subfield>
          </datafield>
          <datafield tag="650" ind1=" " ind2="7">
            <subfield code="a">Historie</subfield>
            <subfield code="2">humord</subfield>
          </datafield>
          <datafield tag="650" ind1=" " ind2="7">
            <subfield code="a">1700-tallet</subfield>
            <subfield code="2">humord</subfield>
          </datafield>
          <datafield tag="700" ind1="1" ind2=" ">
            <subfield code="a">Dahn, Felix</subfield>
            <subfield code="0">(NO-TrBIB)90179096</subfield>
          </datafield>
          <datafield tag="700" ind1="1" ind2=" ">
            <subfield code="a">Dove, Alfred</subfield>
            <subfield code="0">(NO-TrBIB)1021289</subfield>
          </datafield>
          <datafield tag="700" ind1="1" ind2=" ">
            <subfield code="a">Heeren, A.H.L.</subfield>
            <subfield code="0">(NO-TrBIB)1102326</subfield>
          </datafield>
          <datafield tag="700" ind1="1" ind2=" ">
            <subfield code="a">Ukert, F.A.</subfield>
            <subfield code="0">(NO-TrBIB)1101547</subfield>
          </datafield>
          <datafield tag="700" ind1="1" ind2=" ">
            <subfield code="a">Giesebrecht, Wilhelm von</subfield>
            <subfield code="0">(NO-TrBIB)5086863</subfield>
          </datafield>
          <datafield tag="700" ind1="1" ind2=" ">
            <subfield code="a">Lamprecht, Karl</subfield>
            <subfield code="0">(NO-TrBIB)90295836</subfield>
          </datafield>
          <datafield tag="773" ind1="0" ind2="8">
            <subfield code="i">Inkludert i</subfield>
            <subfield code="t">Allgemeine Staatengeschichte. Abt. 1, Geschichte der europäischen Staaten. 24, Deutsche Geschichte</subfield>
            <subfield code="d">Gotha : Perthes, 1883-1888</subfield>
            <subfield code="g">6:1</subfield>
            <subfield code="w">990121750994702201</subfield>
          </datafield>
          <datafield tag="852" ind1="0" ind2="1">
            <subfield code="a">47BIBSYS_UBO</subfield>
            <subfield code="6">991325656094702204</subfield>
            <subfield code="9">P</subfield>
          </datafield>
          <datafield tag="901" ind1=" " ind2=" ">
            <subfield code="a">60</subfield>
          </datafield>
        </record>
      </recordData>
      <recordPosition>7</recordPosition>
    </record>