
    <record>
      <recordSchema>marcxml</recordSchema>
      <recordPacking>xml</recordPacking>
      <recordData>
        <record xmlns="http://www.loc.gov/MARC21/slim">
          <leader>01315cam a2200385 c 4500</leader>
          <controlfield tag="001">999900497604702201</controlfield>
          <controlfield tag="005">20170120143838.0</controlfield>
          <controlfield tag="007">ta</controlfield>
          <controlfield tag="008">080707s1998    dk a   | |||||000|0|dan|</controlfield>
          <datafield tag="020" ind1=" " ind2=" ">
            <subfield code="a">8700290343</subfield>
          </datafield>
          <datafield tag="035" ind1=" " ind2=" ">
            <subfield code="a">990049760-47bibsys_network</subfield>
          </datafield>
          <datafield tag="035" ind1=" " ind2=" ">
            <subfield code="a">(NO-TrBIB)990049760</subfield>
          </datafield>
          <datafield tag="040" ind1=" " ind2=" ">
            <subfield code="a">NO-OsNB</subfield>
            <subfield code="b">nob</subfield>
            <subfield code="e">katreg</subfield>
          </datafield>
          <datafield tag="082" ind1="7" ind2="4">
            <subfield code="a">948.9041</subfield>
            <subfield code="q">NO-OsNB</subfield>
            <subfield code="2">4/nor</subfield>
          </datafield>
          <datafield tag="084" ind1=" " ind2=" ">
            <subfield code="a">Id 65</subfield>
            <subfield code="2">ubtkl/2</subfield>
          </datafield>
          <datafield tag="100" ind1="1" ind2=" ">
            <subfield code="a">Bjørn, Claus</subfield>
            <subfield code="0">(NO-TrBIB)90160533</subfield>
          </datafield>
          <datafield tag="245" ind1="1" ind2="0">
            <subfield code="a">1848 :</subfield>
            <subfield code="b">borgerkrig og revolution</subfield>
            <subfield code="c">Claus Bjørn</subfield>
          </datafield>
          <datafield tag="260" ind1=" " ind2=" ">
            <subfield code="a">[København]</subfield>
            <subfield code="b">Gyldendal</subfield>
            <subfield code="c">1998</subfield>
          </datafield>
          <datafield tag="300" ind1=" " ind2=" ">
            <subfield code="a">266 s.</subfield>
            <subfield code="b">ill.</subfield>
          </datafield>
          <datafield tag="650" ind1=" " ind2="0">
            <subfield code="a">Schleswig-Holstein question</subfield>
          </datafield>
          <datafield tag="650" ind1=" " ind2="0">
            <subfield code="a">Schleswig-Holstein (Germany)</subfield>
            <subfield code="x">History</subfield>
          </datafield>
          <datafield tag="650" ind1=" " ind2="0">
            <subfield code="a">Denmark</subfield>
            <subfield code="x">Foreign relations</subfield>
            <subfield code="z">Germany</subfield>
          </datafield>
          <datafield tag="650" ind1=" " ind2="0">
            <subfield code="a">Germany</subfield>
            <subfield code="x">Foreign relations</subfield>
            <subfield code="z">Denmark</subfield>
          </datafield>
          <datafield tag="650" ind1=" " ind2="0">
            <subfield code="a">Denmark</subfield>
            <subfield code="x">History</subfield>
            <subfield code="y">1814-1849</subfield>
          </datafield>
          <datafield tag="650" ind1=" " ind2="0">
            <subfield code="a">Germany</subfield>
            <subfield code="x">History</subfield>
            <subfield code="y">Revolution, 1848</subfield>
          </datafield>
          <datafield tag="651" ind1=" " ind2="7">
            <subfield code="a">Schleswig-Holstein</subfield>
            <subfield code="0">HUME03583</subfield>
            <subfield code="2">humord</subfield>
          </datafield>
          <datafield tag="651" ind1=" " ind2="7">
            <subfield code="a">Danmark</subfield>
            <subfield code="0">HUME02174</subfield>
            <subfield code="2">humord</subfield>
          </datafield>
          <datafield tag="651" ind1=" " ind2="7">
            <subfield code="a">Tyskland</subfield>
            <subfield code="0">HUME03491</subfield>
            <subfield code="2">humord</subfield>
          </datafield>
          <datafield tag="650" ind1=" " ind2="7">
            <subfield code="a">Utenrikspolitikk</subfield>
            <subfield code="0">HUME09606</subfield>
            <subfield code="2">humord</subfield>
          </datafield>
          <datafield tag="650" ind1=" " ind2="7">
            <subfield code="a">Revolusjon</subfield>
            <subfield code="0">HUME09751</subfield>
            <subfield code="2">humord</subfield>
          </datafield>
          <datafield tag="648" ind1=" " ind2="7">
            <subfield code="a">1800-tallet</subfield>
            <subfield code="0">HUME10978</subfield>
            <subfield code="2">humord</subfield>
          </datafield>
          <datafield tag="650" ind1=" " ind2="7">
            <subfield code="a">Historie</subfield>
            <subfield code="2">humord</subfield>
          </datafield>
          <datafield tag="653" ind1=" " ind2=" ">
            <subfield code="a">slesvig-holstein</subfield>
            <subfield code="a">danmark</subfield>
            <subfield code="a">historie</subfield>
            <subfield code="a">1800-tallet</subfield>
            <subfield code="a">revolusjon</subfield>
          </datafield>
          <datafield tag="740" ind1="0" ind2=" ">
            <subfield code="a">Atten hundrede og otteogfyrre</subfield>
          </datafield>
          <datafield tag="852" ind1="0" ind2="1">
            <subfield code="a">47BIBSYS_UBB</subfield>
            <subfield code="6">999900497604702207</subfield>
            <subfield code="9">P</subfield>
          </datafield>
          <datafield tag="852" ind1="0" ind2="1">
            <subfield code="a">47BIBSYS_UBO</subfield>
            <subfield code="6">999900497604702204</subfield>
            <subfield code="9">P</subfield>
          </datafield>
          <datafield tag="852" ind1="0" ind2="1">
            <subfield code="a">47BIBSYS_NB</subfield>
            <subfield code="6">999900497604702202</subfield>
            <subfield code="9">P</subfield>
          </datafield>
          <datafield tag="852" ind1="0" ind2="1">
            <subfield code="a">47BIBSYS_NTNU_UB</subfield>
            <subfield code="6">999900497604702203</subfield>
            <subfield code="9">P</subfield>
          </datafield>
          <datafield tag="901" ind1=" " ind2=" ">
            <subfield code="a">80</subfield>
          </datafield>
        </record>
      </recordData>
      <recordPosition>9</recordPosition>
    </record>