
    <record>
      <recordSchema>marcxml</recordSchema>
      <recordPacking>xml</recordPacking>
      <recordData>
        <record xmlns="http://www.loc.gov/MARC21/slim">
          <leader>00710cam a2200253 c 4500</leader>
          <controlfield tag="001">990106318954702201</controlfield>
          <controlfield tag="005">20010511085445.0</controlfield>
          <controlfield tag="007">ta</controlfield>
          <controlfield tag="008">010511s1998    xx#|||||||||||000|u|ger|d</controlfield>
          <datafield tag="020" ind1=" " ind2=" ">
            <subfield code="a">3458339140</subfield>
            <subfield code="q">h.</subfield>
          </datafield>
          <datafield tag="035" ind1=" " ind2=" ">
            <subfield code="a">010631895-47bibsys_network</subfield>
          </datafield>
          <datafield tag="035" ind1=" " ind2=" ">
            <subfield code="a">(NO-TrBIB)010631895</subfield>
          </datafield>
          <datafield tag="040" ind1=" " ind2=" ">
            <subfield code="a">NO-TrBIB</subfield>
            <subfield code="b">nob</subfield>
            <subfield code="e">katreg</subfield>
          </datafield>
          <datafield tag="100" ind1="1" ind2=" ">
            <subfield code="a">Speck, Ulrich</subfield>
            <subfield code="0">(NO-TrBIB)90584692</subfield>
          </datafield>
          <datafield tag="245" ind1="1" ind2="0">
            <subfield code="a">1848 :</subfield>
            <subfield code="b">Chronik einer deutschen Revolution</subfield>
            <subfield code="c">von Ulrich Speck</subfield>
          </datafield>
          <datafield tag="260" ind1=" " ind2=" ">
            <subfield code="a">Frankfurt am Main</subfield>
            <subfield code="b">Insel</subfield>
            <subfield code="c">1998</subfield>
          </datafield>
          <datafield tag="300" ind1=" " ind2=" ">
            <subfield code="a">158 s.</subfield>
            <subfield code="b">ill.</subfield>
          </datafield>
          <datafield tag="490" ind1="1" ind2=" ">
            <subfield code="a">Insel Taschenbuch</subfield>
            <subfield code="v">2214</subfield>
          </datafield>
          <datafield tag="650" ind1=" " ind2="7">
            <subfield code="a">Tyskland</subfield>
            <subfield code="2">humord</subfield>
          </datafield>
          <datafield tag="650" ind1=" " ind2="7">
            <subfield code="a">Historie</subfield>
            <subfield code="2">humord</subfield>
          </datafield>
          <datafield tag="650" ind1=" " ind2="7">
            <subfield code="a">Revolusjon</subfield>
            <subfield code="2">humord</subfield>
          </datafield>
          <datafield tag="650" ind1=" " ind2="7">
            <subfield code="a">1800-tallet</subfield>
            <subfield code="2">humord</subfield>
          </datafield>
          <datafield tag="830" ind1=" " ind2="0">
            <subfield code="a">Insel Taschenbuch</subfield>
            <subfield code="v">2214</subfield>
          </datafield>
          <datafield tag="852" ind1="0" ind2="1">
            <subfield code="a">47BIBSYS_UBB</subfield>
            <subfield code="6">990106318954702207</subfield>
            <subfield code="9">P</subfield>
          </datafield>
          <datafield tag="901" ind1=" " ind2=" ">
            <subfield code="a">80</subfield>
          </datafield>
        </record>
      </recordData>
      <recordPosition>10</recordPosition>
    </record>
  </records>
  <nextRecordPosition>11</nextRecordPosition>
  <diagnostics/>
  <extraResponseData xmlns:xb="http://www.exlibris.com/repository/search/xmlbeans/">
    <xb:exact>true</xb:exact>
    <xb:responseDate>2017-03-27T11:55:25+0200</xb:responseDate>
  </extraResponseData>
</searchRetrieveResponse>
